<?xml version='1.0' encoding='UTF-8'?>
<record xmlns="http://www.loc.gov/MARC21/slim">
  <leader>00998cam a22002295  4500</leader>
  <controlfield tag="001">2787898</controlfield>
  <controlfield tag="003">NjP</controlfield>
  <controlfield tag="005">20171013181044.0</controlfield>
  <controlfield tag="008">991120s1955    sy            000 0 ara d</controlfield>
  <datafield tag="024" ind1="7" ind2=" ">
    <subfield code="a">princeton_aco002000</subfield>
    <subfield code="2">local</subfield>
  </datafield>
  <datafield ind1=" " ind2=" " tag="035">
    <subfield code="a">(OCoLC)ocm42862631</subfield>
  </datafield>
  <datafield ind1=" " ind2=" " tag="035">
    <subfield code="9">CNJ6927TS</subfield>
  </datafield>
  <datafield ind1=" " ind2=" " tag="040">
    <subfield code="a">PUL</subfield>
    <subfield code="c">PUL</subfield>
  </datafield>
  <datafield ind1="1" ind2=" " tag="100">
    <subfield code="a">Ḥaqqī, Khayr al-Dīn,</subfield>
    <subfield code="d">1911-</subfield>
  </datafield>
  <datafield ind1="0" ind2="0" tag="245">
    <subfield code="a">Taşnīʻ al-bilād al-ʻArabīyah.</subfield>
    <subfield code="b">Quddima hādhā al-mawḍūʻ ilā al-Muʾtamar al-Handasī al-ʻArabī al-Sādis al-munʻaqid fī Baghdād min 19 - 25 Tishrīn al-Thānī, 1955.</subfield>
  </datafield>
  <datafield ind1=" " ind2=" " tag="260">
    <subfield code="a">Aleppo,</subfield>
    <subfield code="b">Maṭbaʻat al-Thaqāfah</subfield>
    <subfield code="c">[1955]</subfield>
  </datafield>
  <datafield ind1=" " ind2=" " tag="300">
    <subfield code="a">91 p.</subfield>
    <subfield code="c">24 cm.</subfield>
  </datafield>
  <datafield ind1=" " ind2=" " tag="546">
    <subfield code="a">In Arabic.</subfield>
  </datafield>
  <datafield ind1=" " ind2="0" tag="650">
    <subfield code="a">Industrial promotion</subfield>
    <subfield code="z">Arab countries.</subfield>
  </datafield>
  <datafield ind1=" " ind2="0" tag="650">
    <subfield code="a">Industries</subfield>
    <subfield code="z">Arab countries.</subfield>
    <subfield code="0">http://id.loc.gov/authorities/subjects/sh2009127130</subfield>
  </datafield>
  <datafield ind1=" " ind2="0" tag="651">
    <subfield code="a">Arab countries</subfield>
    <subfield code="x">Economic conditions.</subfield>
    <subfield code="0">http://id.loc.gov/authorities/subjects/sh2008114210</subfield>
  </datafield>
  <datafield ind1=" " ind2=" " tag="945">
    <subfield code="a">F</subfield>
    <subfield code="b">1</subfield>
    <subfield code="c">2271.2882.389</subfield>
  </datafield>
  <datafield ind1=" " ind2=" " tag="911">
    <subfield code="a">20000130</subfield>
  </datafield>
  <datafield ind1="0" ind2="0" tag="852">
    <subfield code="0">3098862</subfield>
    <subfield code="b">nec</subfield>
    <subfield code="t">1</subfield>
    <subfield code="h">HC498.9.I53</subfield>
    <subfield code="i">H377 1955</subfield>
  </datafield>
  <datafield ind1=" " ind2=" " tag="959">
    <subfield code="a">2009-06-30 10:22:50 -0400</subfield>
  </datafield>
</record>
